@misc{marketshare,
 	title = {Genre breakdown of video game sales in the United States in 2015},
	howpublished = {https://www.statista.com/statistics/189592/breakdown-of-us-video-game-sales-2009-by-genre/},
	note = {Accessed: 2016-15-10},
	year = {2016},
}

@inproceedings{DBLP:journals/jmlr/GlorotB10,
  author    = {Xavier Glorot and
               Yoshua Bengio},
  title     = {Understanding the difficulty of training deep feedforward neural networks},
  booktitle = {Proceedings of the Thirteenth International Conference on Artificial
               Intelligence and Statistics, {AISTATS} 2010, Chia Laguna Resort, Sardinia,
               Italy, May 13-15, 2010},
  pages     = {249--256},
  year      = {2010},
  crossref  = {DBLP:conf/aistats/2010},
  url       = {http://www.jmlr.org/proceedings/papers/v9/glorot10a.html},
  timestamp = {Thu, 11 Sep 2014 07:28:56 +0200},
  biburl    = {http://dblp.uni-trier.de/rec/bib/journals/jmlr/GlorotB10},
  bibsource = {dblp computer science bibliography, http://dblp.org}
}

@article{Solla,
  author    = {Solla, S. A., Levin, E., & Fleisher, M},
  title     = {Accelerated learning
in layered neural networks},
  journal   = {Complex Systems},
  volume    = {2},
  year      = {1988},
}

@article{vizdoom,
  author    = {Michal Kempka and
               Marek Wydmuch and
               Grzegorz Runc and
               Jakub Toczek and
               Wojciech Jaskowski},
  title     = {ViZDoom: {A} Doom-based {AI} Research Platform for Visual Reinforcement
               Learning},
  journal   = {CoRR},
  volume    = {abs/1605.02097},
  year      = {2016},
  url       = {http://arxiv.org/abs/1605.02097},
  timestamp = {Wed, 01 Jun 2016 15:51:07 +0200},
  biburl    = {http://dblp.uni-trier.de/rec/bib/journals/corr/KempkaWRTJ16},
  bibsource = {dblp computer science bibliography, http://dblp.org}
}

@article{karen,
	author = {Karen Simonyan and
		Andrew Zisserman},
	title = {Very Deep Convolutional Networks for Large-Scale Image Recognition},
	journal = {CoRR},
	volume = {abs/1409.1556},
	year = {2014},
	url = {http://arxiv.org/abs/1409.1556},
	timestamp = {Wed, 01 Oct 2014 15:00:05 +0200},
	biburl = {http://dblp.uni-trier.de/rec/bib/journals/corr/SimonyanZ14a},
	bibsource = {dblp computer science bibliography, http://dblp.org}
}

@article{chen,
	author = {Chenyi Chen and
		Ari Seff and
		Alain L. Kornhauser and
		Jianxiong Xiao},
	title = {DeepDriving: Learning Affordance for Direct Perception in Autonomous Driving},
	journal = {CoRR},
	volume = {abs/1505.00256},
	year = {2015},
	url = {http://arxiv.org/abs/1505.00256},
	timestamp = {Mon, 01 Jun 2015 14:13:54 +0200},
	biburl = {http://dblp.uni-trier.de/rec/bib/journals/corr/ChenSKX15},
	bibsource = {dblp computer science bibliography, http://dblp.org}
}

@article{kurt,
	author = {Kurt Hornik and
		Maxwell B. Stinchcombe and
		Halbert White},
	title     = {Multilayer feedforward networks are universal approximators},
	journal   = {Neural Networks},
	volume    = {2},
	number    = {5},
	pages     = {359--366},
	year      = {1989},
	url       = {http://dx.doi.org/10.1016/0893-6080(89)90020-8},
	doi       = {10.1016/0893-6080(89)90020-8},
	timestamp = {Wed, 21 Dec 2005 14:20:28 +0100},
	biburl    = {http://dblp.uni-trier.de/rec/bib/journals/nn/HornikSW89},
	bibsource = {dblp computer science bibliography, http://dblp.org}
}

@article{christian,
	author = {Christian Szegedy and
		Wei Liu and
		Yangqing Jia and
		Pierre Sermanet and
		Scott E. Reed and
		Dragomir Anguelov and
		Dumitru Erhan and
		Vincent Vanhoucke and
		Andrew Rabinovich},
	title     = {Going Deeper with Convolutions},
	journal   = {CoRR},
	volume    = {abs/1409.4842},
	year      = {2014},
	url       = {http://arxiv.org/abs/1409.4842},
	timestamp = {Tue, 31 May 2016 18:15:20 +0200},
	biburl    = {http://dblp.uni-trier.de/rec/bib/journals/corr/SzegedyLJSRAEVR14},
	bibsource = {dblp computer science bibliography, http://dblp.org}
}

@inproceedings{yoshua,
	author = {Yoshua Bengio and
		Olivier Delalleau},
	title = {On the Expressive Power of Deep Architectures},
	booktitle = {Discovery Science - 14th International Conference, {DS} 2011, Espoo, Finland, October 5-7, 2011. Proceedings},
	pages = {1},
	year = {2011},
	url = {http://dx.doi.org/10.1007/978-3-642-24477-3_1},
	doi = {10.1007/978-3-642-24477-3_1},
	timestamp = {Thu, 29 Sep 2011 21:02:49 +0200},
	biburl = {http://dblp.uni-trier.de/rec/bib/conf/dis/BengioD11},
	bibsource = {dblp computer science bibliography, http://dblp.org}
}

@inproceedings{Yao,
 author = {Yao, Andrew Chi-Chih},
 title = {Separating the Polynomial-time Hierarchy by Oracles},
 booktitle = {Proceedings of the 26th Annual Symposium on Foundations of Computer Science},
 series = {SFCS '85},
 year = {1985},
 isbn = {0-8186-0844-4},
 pages = {1--10},
 numpages = {10},
 url = {http://dx.doi.org/10.1109/SFCS.1985.49},
 doi = {10.1109/SFCS.1985.49},
 acmid = {1382893},
 publisher = {IEEE Computer Society},
 address = {Washington, DC, USA},
} 

@inproceedings{torcs,
 author = {Koutn\'{\i}k, Jan and Schmidhuber, Juergen and Gomez, Faustino},
 title = {Evolving Deep Unsupervised Convolutional Networks for Vision-based Reinforcement Learning},
 booktitle = {Proceedings of the 2014 Annual Conference on Genetic and Evolutionary Computation},
 series = {GECCO '14},
 year = {2014},
 isbn = {978-1-4503-2662-9},
 location = {Vancouver, BC, Canada},
 pages = {541--548},
 numpages = {8},
 url = {http://doi.acm.org/10.1145/2576768.2598358},
 doi = {10.1145/2576768.2598358},
 acmid = {2598358},
 publisher = {ACM},
 address = {New York, NY, USA},
 keywords = {deep learning, games, neuroevolution, reinforcement learning, vision-based torcs},
} 


@misc{MNielsen,
  title = {Neural Networks and Deep Learning},
  author= {Michael Nielsen},
  howpublished = {\url{http://neuralnetworksanddeeplearning.com/index.html}},
  note = {Accessed: 2016-05-15},
  year = {2016},
}

@Article{stanley,
title={Evolving Neural Networks Through Augmenting Topologies},
author={Kenneth O. Stanley and Risto Miikkulainen},
volume={10},
journal={Evolutionary Computation},
number={2},
pages={99-127},
url="http://nn.cs.utexas.edu/?stanley:ec02",
year={2002},
}

@article{benjamin,
title={An Empirical Study of Machine Learning Algorithms Applied to Modeling Player Behavior in a First Person Shooter Video Game},
author={Benjamin Geisler},
year={2002},
}

@article{silvano,
title={Evolving Dodging Behavior for OpenArena using Neuroevolution of Augmenting Topologies},
author={Bonacina, Silvano and Luca Lanzi, Pier and Loiacono, Daniele},
year={2008}
}

@article{balanced-classes,
	title = {The impact of imbalanced training data for convolutional neural networks},
	author = {Masko, David and Hensman, Paulina},
	year = {2015}
	url = "http://www.diva-portal.org/smash/get/diva2:811111/FULLTEXT01.pdf"
	note = {Accessed: 2016-12-01},
}


























